<?xml version="1.0" encoding="UTF-8"?>
<collection xmlns:xsi="http://www.w3.org/2001/XMLSchema-instance" xsi:schemaLocation="http://www.loc.gov/MARC21/slim http://www.loc.gov/standards/marcxml/schema/MARC21slim.xsd" xmlns="http://www.loc.gov/MARC21/slim">
<record>
  <leader>01066cam a22002891  4500</leader>
  <controlfield tag="001">861878</controlfield>
  <controlfield tag="003">NNC</controlfield>
  <controlfield tag="005">20140126210158.0</controlfield>
  <controlfield tag="008">820531m19651966iq            000 0 ara c</controlfield>
  <datafield tag="010" ind1=" " ind2=" ">
    <subfield code="a">ne 66001926 </subfield>
  </datafield>
  <datafield tag="035" ind1=" " ind2=" ">
    <subfield code="a">(OCoLC)8478510</subfield>
  </datafield>
  <datafield tag="035" ind1=" " ind2=" ">
    <subfield code="a">(OCoLC)ocm08478510</subfield>
  </datafield>
  <datafield tag="035" ind1=" " ind2=" ">
    <subfield code="9">AER5079CU</subfield>
  </datafield>
  <datafield tag="035" ind1=" " ind2=" ">
    <subfield code="a">(NNC)861878</subfield>
  </datafield>
  <datafield tag="040" ind1=" " ind2=" ">
    <subfield code="a">Princeton Univ. Libr.</subfield>
    <subfield code="c">TU</subfield>
    <subfield code="d">TU</subfield>
    <subfield code="d">MH</subfield>
    <subfield code="d">CStRLIN</subfield>
    <subfield code="d">CtY</subfield>
  </datafield>
  <datafield tag="050" ind1=" " ind2="4">
    <subfield code="a">BP190.5.A75</subfield>
    <subfield code="b">D34 1965</subfield>
  </datafield>
  <datafield tag="066" ind1=" " ind2=" ">
    <subfield code="c">(3</subfield>
  </datafield>
  <datafield tag="100" ind1="1" ind2=" ">
    <subfield code="6">880-01</subfield>
    <subfield code="a">Daljī, Aḥmad ibn ʻAlī,</subfield>
    <subfield code="d">1368?-1434 or 1435.</subfield>
  </datafield>
  <datafield tag="245" ind1="1" ind2="3">
    <subfield code="6">880-02</subfield>
    <subfield code="a">al-Falākah wa-al-maflūkūn</subfield>
    <subfield code="c">[taʾlīf] Aḥmad ibn ʻAlī al-Daljī.</subfield>
  </datafield>
  <datafield tag="260" ind1=" " ind2=" ">
    <subfield code="6">880-03</subfield>
    <subfield code="a">Baghdād,</subfield>
    <subfield code="b">Maktabat al-Andalus,</subfield>
    <subfield code="c">1385 [1965/1966]</subfield>
  </datafield>
  <datafield tag="300" ind1=" " ind2=" ">
    <subfield code="a">192 p.</subfield>
    <subfield code="c">25 cm.</subfield>
  </datafield>
  <datafield tag="650" ind1=" " ind2="0">
    <subfield code="a">Asceticism</subfield>
    <subfield code="x">Islam.</subfield>
  </datafield>
  <datafield tag="880" ind1="1" ind2=" ">
    <subfield code="6">100-01/(3/r</subfield>
    <subfield code="a">دلجي، أحمد بن علي,</subfield>
    <subfield code="d">1368?-1434 or 1435.</subfield>
  </datafield>
  <datafield tag="880" ind1="1" ind2="2">
    <subfield code="6">245-02/(3/r</subfield>
    <subfield code="a">الفلاكة والمفلكون</subfield>
    <subfield code="c">[تأليف] أحمد بن علي الدلجي.</subfield>
  </datafield>
  <datafield tag="880" ind1=" " ind2=" ">
    <subfield code="6">260-03/(3/r</subfield>
    <subfield code="a">بغداد،</subfield>
    <subfield code="b">مكتبة الأندلس،</subfield>
    <subfield code="c">1385 [1965/1966]</subfield>
  </datafield>
  <datafield tag="955" ind1=" " ind2=" ">
    <subfield code="b">CU01245910</subfield>
    <subfield code="d">off,glx</subfield>
    <subfield code="e">B741 .D34</subfield>
  </datafield>
</record>
</collection>